<record><leader>00000cas a22000007a 4500</leader><controlfield tag="001">10039191</controlfield><controlfield tag="008">831020d18431845meudn ne      0    0eng d</controlfield><datafield ind1=" " ind2=" " tag="010"><subfield code="a">sn 83021239 </subfield></datafield><datafield ind1=" " ind2=" " tag="040"><subfield code="a">NPX</subfield><subfield code="b">eng</subfield><subfield code="c">NPX</subfield><subfield code="d">MGN</subfield><subfield code="d">MBN</subfield><subfield code="d">OCL</subfield><subfield code="d">OCLCG</subfield><subfield code="d">OCLCQ</subfield><subfield code="d">OCLCF</subfield><subfield code="d">OCLCO</subfield></datafield><datafield ind1="1" ind2=" " tag="029"><subfield code="a">AU@</subfield><subfield code="b">000020123783</subfield></datafield><datafield ind1=" " ind2=" " tag="042"><subfield code="a">msc</subfield></datafield><datafield ind1=" " ind2=" " tag="043"><subfield code="a">n-us-me</subfield></datafield><datafield ind1="0" ind2="0" tag="245"><subfield code="a">Bangor daily gazette.</subfield></datafield><datafield ind1=" " ind2=" " tag="260"><subfield code="a">Bangor, Me. :</subfield><subfield code="b">Burrill &amp; Mower</subfield></datafield><datafield ind1=" " ind2=" " tag="300"><subfield code="a">v. ;</subfield><subfield code="c">50 cm.</subfield></datafield><datafield ind1=" " ind2=" " tag="310"><subfield code="a">Daily (except Sun.)</subfield></datafield><datafield ind1="1" ind2=" " tag="362"><subfield code="a">Began in 1843; ceased in Feb. 1845.</subfield></datafield><datafield ind1=" " ind2=" " tag="500"><subfield code="a">Editor: J.E. Godfrey.</subfield></datafield><datafield ind1=" " ind2=" " tag="500"><subfield code="a">Liberty. Cf. Griffin, J. Hist. of the press of Me., 1872.</subfield></datafield><datafield ind1=" " ind2=" " tag="580"><subfield code="a">Weekly ed.: Bangor gazette (Bangor, Me. : 1842).</subfield></datafield><datafield ind1=" " ind2=" " tag="588"><subfield code="a">Description based on: Vol. 1, no. 26 (June 2, 1843).</subfield></datafield><datafield ind1=" " ind2="0" tag="651"><subfield code="a">Bangor (Me.)</subfield><subfield code="v">Newspapers.</subfield></datafield><datafield ind1=" " ind2="7" tag="655"><subfield code="a">Newspapers.</subfield><subfield code="2">fast</subfield><subfield code="0">(OCoLC)fst01423814</subfield></datafield><datafield ind1=" " ind2="7" tag="651"><subfield code="a">Maine</subfield><subfield code="z">Bangor.</subfield><subfield code="2">fast</subfield><subfield code="0">(OCoLC)fst01207512</subfield></datafield><datafield ind1="1" ind2=" " tag="700"><subfield code="a">Godfrey, John Edwards,</subfield><subfield code="d">1809-1884.</subfield></datafield><datafield ind1=" " ind2=" " tag="752"><subfield code="a">United States</subfield><subfield code="b">Maine</subfield><subfield code="c">Penobscot</subfield><subfield code="d">Bangor.</subfield></datafield><datafield ind1="1" ind2=" " tag="775"><subfield code="t">Bangor gazette (Bangor, Me. : 1842)</subfield><subfield code="w">(DLC)sn 82015894</subfield></datafield><datafield ind1="0" ind2="0" tag="780"><subfield code="t">Bangor gazette (Bangor, Me. : 1843)</subfield><subfield code="w">(DLC)sn 95068823</subfield></datafield></record>